[gd_scene load_steps=7 format=3 uid="uid://dwv4mfby4umxk"]

[ext_resource type="PackedScene" uid="uid://c8760yvla44qr" path="res://assets/3d/level/music_box.blend" id="1_mcyi7"]
[ext_resource type="Script" path="res://level/objects/interactables/music_box/music_box.gd" id="2_7u1wq"]
[ext_resource type="Script" path="res://level/objects/interactables/common/interactable.gd" id="2_chn3l"]

[sub_resource type="BoxShape3D" id="BoxShape3D_ohbpm"]
size = Vector3(1.4, 0.919887, 1.4)

[sub_resource type="BoxShape3D" id="BoxShape3D_emogd"]
size = Vector3(0.4, 0.49614, 0.4)

[sub_resource type="BoxShape3D" id="BoxShape3D_eird1"]
size = Vector3(1.25695, 1.93978, 2.77903)

[node name="MusicBox" instance=ExtResource("1_mcyi7")]
script = ExtResource("2_7u1wq")

[node name="Interactable" type="Node" parent="." index="2" node_paths=PackedStringArray("clickable_area3D", "interactable_area3D")]
script = ExtResource("2_chn3l")
clickable_area3D = NodePath("../ClickableArea3D")
interactable_area3D = NodePath("../InteractableArea3D")
enabled = false
one_shot = true

[node name="ClickableArea3D" type="Area3D" parent="." index="3"]

[node name="CollisionShape3D2" type="CollisionShape3D" parent="ClickableArea3D" index="0"]
transform = Transform3D(1, 0, 0, 0, 1, 0, 0, 0, 1, 0, 0.471914, 0)
shape = SubResource("BoxShape3D_ohbpm")

[node name="CollisionShape3D" type="CollisionShape3D" parent="ClickableArea3D" index="1"]
transform = Transform3D(1, 0, 0, 0, 1, 0, 0, 0, 1, 0, 1.10228, 0)
shape = SubResource("BoxShape3D_emogd")

[node name="InteractableArea3D" type="Area3D" parent="." index="4"]

[node name="CollisionShape3D" type="CollisionShape3D" parent="InteractableArea3D" index="0"]
transform = Transform3D(1, 0, 0, 0, 1, 0, 0, 0, 1, 0, 0.955105, 1)
shape = SubResource("BoxShape3D_eird1")

[node name="AudioStreamPlayer3D" type="AudioStreamPlayer3D" parent="." index="5"]

[connection signal="item_clicked" from="Interactable" to="." method="turn_on"]
