[gd_scene load_steps=4 format=3 uid="uid://c6b70x5hacoh3"]

[ext_resource type="Texture2D" uid="uid://7q0ong6wp85x" path="res://assets/3d/level/textures/page/page2.png" id="1_b0c14"]
[ext_resource type="Script" path="res://ui/pages/pages.gd" id="1_d2wup"]
[ext_resource type="PackedScene" uid="uid://cifr2655a8u38" path="res://ui/pages/mini_page.tscn" id="1_em75c"]

[node name="Pages" type="Control" groups=["PAGES"]]
layout_mode = 3
anchors_preset = 15
anchor_right = 1.0
anchor_bottom = 1.0
grow_horizontal = 2
grow_vertical = 2
mouse_filter = 2
script = ExtResource("1_d2wup")

[node name="Icon" type="TextureRect" parent="."]
visible = false
custom_minimum_size = Vector2(40, 25)
layout_mode = 1
anchors_preset = -1
anchor_left = 0.01
anchor_top = 0.04
anchor_right = 0.1
anchor_bottom = 0.05
offset_right = -65.6681
offset_bottom = -23.2
texture = ExtResource("1_b0c14")
expand_mode = 3
stretch_mode = 5

[node name="GridContainer" type="GridContainer" parent="."]
unique_name_in_owner = true
visible = false
layout_mode = 1
anchors_preset = -1
anchor_left = 0.3
anchor_top = 0.2
anchor_right = 0.7
anchor_bottom = 0.8
grow_horizontal = 2
grow_vertical = 2
theme_override_constants/h_separation = 20
theme_override_constants/v_separation = 20
columns = 3

[node name="MiniPage" parent="GridContainer" instance=ExtResource("1_em75c")]
layout_mode = 2

[node name="MiniPage2" parent="GridContainer" instance=ExtResource("1_em75c")]
layout_mode = 2
page_number = 1

[node name="MiniPage3" parent="GridContainer" instance=ExtResource("1_em75c")]
layout_mode = 2

[node name="MiniPage4" parent="GridContainer" instance=ExtResource("1_em75c")]
layout_mode = 2

[node name="MiniPage5" parent="GridContainer" instance=ExtResource("1_em75c")]
layout_mode = 2

[node name="MiniPage6" parent="GridContainer" instance=ExtResource("1_em75c")]
layout_mode = 2

[node name="MiniPage7" parent="GridContainer" instance=ExtResource("1_em75c")]
layout_mode = 2

[node name="MiniPage8" parent="GridContainer" instance=ExtResource("1_em75c")]
layout_mode = 2

[node name="MiniPage9" parent="GridContainer" instance=ExtResource("1_em75c")]
layout_mode = 2

[connection signal="gui_input" from="Icon" to="." method="_on_icon_gui_input"]
