[gd_scene load_steps=7 format=3 uid="uid://db1q0jfvudnwh"]

[ext_resource type="PackedScene" uid="uid://c1ehtvfdiywny" path="res://assets/3d/level/book.blend" id="1_ji3hp"]
[ext_resource type="Script" path="res://level/objects/interactables/common/interactable.gd" id="2_6ivxc"]
[ext_resource type="Script" path="res://level/objects/interactables/common/item.gd" id="3_0e2jk"]
[ext_resource type="Texture2D" uid="uid://by84oik7xtevb" path="res://assets/ui/icons/items/book.png" id="4_y231q"]

[sub_resource type="BoxShape3D" id="BoxShape3D_gfgit"]
size = Vector3(0.353516, 0.117432, 0.310791)

[sub_resource type="BoxShape3D" id="BoxShape3D_8giah"]
size = Vector3(2, 1, 2)

[node name="Book" instance=ExtResource("1_ji3hp")]

[node name="Interactable" type="Node" parent="." index="1" node_paths=PackedStringArray("clickable_area3D", "interactable_area3D")]
script = ExtResource("2_6ivxc")
clickable_area3D = NodePath("../ClickableArea3D")
interactable_area3D = NodePath("../InteractableArea3D")
one_shot = true

[node name="ClickableArea3D" type="Area3D" parent="." index="2"]
transform = Transform3D(1, 0, 2.50556e-22, 0, 1, 0, 2.50555e-22, 0, 1, 0, 0, 0)

[node name="CollisionShape3D" type="CollisionShape3D" parent="ClickableArea3D" index="0"]
transform = Transform3D(1, 0, -2.50555e-22, 0, 1, 0, 2.50555e-22, 0, 1, -4.84548e-24, 0, 0.0193389)
shape = SubResource("BoxShape3D_gfgit")

[node name="InteractableArea3D" type="Area3D" parent="." index="3"]

[node name="CollisionShape3D" type="CollisionShape3D" parent="InteractableArea3D" index="0"]
transform = Transform3D(1, 0, 2.50556e-22, 0, 1, 0, 2.50555e-22, 0, 1, -1, 0, 0)
shape = SubResource("BoxShape3D_8giah")

[node name="Item" type="Node" parent="." index="4" node_paths=PackedStringArray("mesh3D")]
script = ExtResource("3_0e2jk")
type = 6
mesh3D = NodePath("../Book")
item_texture = ExtResource("4_y231q")

[connection signal="item_clicked" from="Interactable" to="Item" method="_on_interactable_item_clicked"]
