[gd_scene load_steps=3 format=3 uid="uid://dv4lfnwqhfdgu"]

[ext_resource type="Script" path="res://ui/game_ui.gd" id="1_k26r5"]
[ext_resource type="PackedScene" uid="uid://c6b70x5hacoh3" path="res://ui/pages/pages.tscn" id="2_v0jum"]

[node name="GameUI" type="Control"]
layout_mode = 3
anchors_preset = 15
anchor_right = 1.0
anchor_bottom = 1.0
grow_horizontal = 2
grow_vertical = 2
mouse_filter = 2

[node name="PanelControl" type="Control" parent="." node_paths=PackedStringArray("panel_buttons", "slot01_button", "slot02_button", "slot03_button", "slot04_button", "slot05_button") groups=["UI"]]
layout_mode = 1
anchor_left = 0.007
anchor_top = 0.864
anchor_right = 0.298444
anchor_bottom = 0.988
offset_left = 1.04
offset_top = 0.559998
offset_right = 27.9917
offset_bottom = 1.52002
grow_horizontal = 2
grow_vertical = 0
pivot_offset = Vector2(0, 120)
mouse_filter = 2
script = ExtResource("1_k26r5")
panel_buttons = NodePath("Panel")
slot01_button = NodePath("Panel/Button")
slot02_button = NodePath("Panel/Button2")
slot03_button = NodePath("Panel/Button3")
slot04_button = NodePath("Panel/Button4")
slot05_button = NodePath("Panel/Button5")

[node name="Panel" type="Panel" parent="PanelControl"]
layout_mode = 1
anchors_preset = -1
anchor_right = 1.0
anchor_bottom = 1.0
grow_horizontal = 2
grow_vertical = 0
pivot_offset = Vector2(0, 30)

[node name="Button" type="Button" parent="PanelControl/Panel"]
layout_mode = 2
anchor_left = 0.0478095
anchor_top = 0.2
anchor_right = 0.190286
anchor_bottom = 0.8
offset_left = -0.0640011
offset_right = 0.064003
focus_mode = 0
icon_alignment = 1
expand_icon = true
metadata/_edit_use_anchors_ = true

[node name="Button2" type="Button" parent="PanelControl/Panel"]
layout_mode = 2
anchor_left = 0.237905
anchor_top = 0.2
anchor_right = 0.381143
anchor_bottom = 0.8
offset_left = 0.0639954
offset_right = -0.0640106
focus_mode = 0
icon_alignment = 1
expand_icon = true
metadata/_edit_use_anchors_ = true

[node name="Button3" type="Button" parent="PanelControl/Panel"]
layout_mode = 2
anchor_left = 0.428762
anchor_top = 0.2
anchor_right = 0.571238
anchor_bottom = 0.8
offset_left = -0.0640106
offset_right = 0.0639954
focus_mode = 0
icon_alignment = 1
expand_icon = true
metadata/_edit_use_anchors_ = true

[node name="Button4" type="Button" parent="PanelControl/Panel"]
layout_mode = 2
anchor_left = 0.619619
anchor_top = 0.2
anchor_right = 0.762095
anchor_bottom = 0.8
offset_left = -0.192017
offset_right = -0.0639954
focus_mode = 0
icon_alignment = 1
expand_icon = true
metadata/_edit_use_anchors_ = true

[node name="Button5" type="Button" parent="PanelControl/Panel"]
layout_mode = 2
anchor_left = 0.80981
anchor_top = 0.2
anchor_right = 0.952191
anchor_bottom = 0.8
offset_left = -0.0960083
offset_right = 0.0639954
focus_mode = 0
icon_alignment = 1
expand_icon = true
metadata/_edit_use_anchors_ = true

[node name="Pages" parent="." instance=ExtResource("2_v0jum")]
layout_mode = 1

[connection signal="pressed" from="PanelControl/Panel/Button" to="PanelControl" method="_on_button_pressed"]
[connection signal="pressed" from="PanelControl/Panel/Button2" to="PanelControl" method="_on_button_2_pressed"]
[connection signal="pressed" from="PanelControl/Panel/Button3" to="PanelControl" method="_on_button_3_pressed"]
[connection signal="pressed" from="PanelControl/Panel/Button4" to="PanelControl" method="_on_button_4_pressed"]
[connection signal="pressed" from="PanelControl/Panel/Button5" to="PanelControl" method="_on_button_5_pressed"]
