[gd_scene load_steps=8 format=3 uid="uid://dkocigly5l68b"]

[ext_resource type="Script" path="res://level/objects/interactables/pages/page.gd" id="1_g0w8t"]
[ext_resource type="Texture2D" uid="uid://7q0ong6wp85x" path="res://assets/3d/level/textures/page/page2.png" id="1_h22o7"]
[ext_resource type="Script" path="res://level/objects/interactables/common/interactable.gd" id="3_f0usx"]

[sub_resource type="StandardMaterial3D" id="StandardMaterial3D_l681u"]
transparency = 1
albedo_texture = ExtResource("1_h22o7")

[sub_resource type="PlaneMesh" id="PlaneMesh_x46i5"]

[sub_resource type="BoxShape3D" id="BoxShape3D_46p4n"]
size = Vector3(0.29828, 0.0722656, 0.2323)

[sub_resource type="BoxShape3D" id="BoxShape3D_wu0yw"]
size = Vector3(2, 3, 3)

[node name="Page" type="Node3D"]
script = ExtResource("1_g0w8t")

[node name="MeshInstance3D" type="MeshInstance3D" parent="."]
transform = Transform3D(0.15, 0, 0, 0, 0.15, 0, 0, 0, 0.15, 0, 0, 0)
material_override = SubResource("StandardMaterial3D_l681u")
mesh = SubResource("PlaneMesh_x46i5")

[node name="Interactable" type="Node" parent="." node_paths=PackedStringArray("clickable_area3D", "interactable_area3D")]
script = ExtResource("3_f0usx")
clickable_area3D = NodePath("../ClickableArea3D")
interactable_area3D = NodePath("../InteractableArea3D")
one_shot = true

[node name="ClickableArea3D" type="Area3D" parent="."]
transform = Transform3D(1, 0, 2.50556e-22, 0, 1, 0, 2.50555e-22, 0, 1, 0, 1, 0)

[node name="CollisionShape3D" type="CollisionShape3D" parent="ClickableArea3D"]
transform = Transform3D(1, 0, 2.50556e-22, 0, 1, 0, 2.50555e-22, 0, 1, -0.0152287, -0.973237, -0.0407104)
shape = SubResource("BoxShape3D_46p4n")

[node name="InteractableArea3D" type="Area3D" parent="."]
transform = Transform3D(1, 0, 0, 0, 1, 0, 0, 0, 1, -1, 2, 0)

[node name="CollisionShape3D" type="CollisionShape3D" parent="InteractableArea3D"]
transform = Transform3D(1, 0, 2.50556e-22, 0, 1, 0, 2.50555e-22, 0, 1, 0.91114, -0.486328, 0.86318)
shape = SubResource("BoxShape3D_wu0yw")

[connection signal="item_clicked" from="Interactable" to="." method="_on_interactable_item_clicked"]
