[gd_scene load_steps=9 format=3 uid="uid://bm11fwiuc424q"]

[ext_resource type="PackedScene" uid="uid://6ajdr4wr02a4" path="res://assets/3d/level/vase.blend" id="1_ati3c"]
[ext_resource type="Script" path="res://level/objects/interactables/common/simple_interaction.gd" id="2_0d1cx"]
[ext_resource type="Script" path="res://level/objects/interactables/common/interactable.gd" id="2_ffuj5"]

[sub_resource type="BoxShape3D" id="BoxShape3D_w8jdg"]
size = Vector3(0.187256, 0.314453, 0.210938)

[sub_resource type="BoxShape3D" id="BoxShape3D_vt5ij"]
size = Vector3(2, 1, 2)

[sub_resource type="Animation" id="Animation_86qaj"]
resource_name = "shake"
length = 0.4
step = 0.05
tracks/0/type = "value"
tracks/0/imported = false
tracks/0/enabled = true
tracks/0/path = NodePath("Vase:rotation")
tracks/0/interp = 1
tracks/0/loop_wrap = true
tracks/0/keys = {
"times": PackedFloat32Array(0, 0.05, 0.1, 0.15, 0.2, 0.25, 0.3, 0.35, 0.4),
"transitions": PackedFloat32Array(1, 1, 1, 1, 1, 1, 1, 1, 1),
"update": 0,
"values": [Vector3(0, 0, 0), Vector3(0.174533, 0, 0), Vector3(0.174533, 0, 0.174533), Vector3(0.174533, 0, 0), Vector3(0, 0, 0), Vector3(-0.174533, 0, 0), Vector3(-0.261799, 0, -0.174533), Vector3(-0.174533, 0, 0), Vector3(0, 0, 0)]
}

[sub_resource type="Animation" id="Animation_p01ul"]
length = 0.001
tracks/0/type = "value"
tracks/0/imported = false
tracks/0/enabled = true
tracks/0/path = NodePath("Vase:rotation")
tracks/0/interp = 1
tracks/0/loop_wrap = true
tracks/0/keys = {
"times": PackedFloat32Array(0),
"transitions": PackedFloat32Array(1),
"update": 0,
"values": [Vector3(0, 0, 0)]
}

[sub_resource type="AnimationLibrary" id="AnimationLibrary_t1w1x"]
_data = {
"RESET": SubResource("Animation_p01ul"),
"shake": SubResource("Animation_86qaj")
}

[node name="Vase" node_paths=PackedStringArray("interactable", "animation_player") instance=ExtResource("1_ati3c")]
script = ExtResource("2_0d1cx")
interactable = NodePath("Interactable")
animation_player = NodePath("AnimationPlayer")
animation_name = "shake"

[node name="Interactable" type="Node" parent="." index="1" node_paths=PackedStringArray("clickable_area3D", "interactable_area3D")]
script = ExtResource("2_ffuj5")
clickable_area3D = NodePath("../ClickableArea3D")
interactable_area3D = NodePath("../InteractableArea3D")

[node name="ClickableArea3D" type="Area3D" parent="." index="2"]

[node name="CollisionShape3D" type="CollisionShape3D" parent="ClickableArea3D" index="0"]
transform = Transform3D(1, 0, 0, 0, 1, 0, 0, 0, 1, 0, 0.15625, 0)
shape = SubResource("BoxShape3D_w8jdg")

[node name="InteractableArea3D" type="Area3D" parent="." index="3"]

[node name="CollisionShape3D" type="CollisionShape3D" parent="InteractableArea3D" index="0"]
transform = Transform3D(1, 0, 0, 0, 1, 0, 0, 0, 1, 0, 0, 1)
shape = SubResource("BoxShape3D_vt5ij")

[node name="AnimationPlayer" type="AnimationPlayer" parent="." index="4"]
libraries = {
"": SubResource("AnimationLibrary_t1w1x")
}
